<?xml version="1.0" encoding="UTF-8"?><collection><record><leader>04822ntm a2200613 a 4500</leader><controlfield tag="001">006813675</controlfield><controlfield tag="003">MiAaHDL</controlfield><controlfield tag="005">20190719000000.0</controlfield><controlfield tag="006">m        d        </controlfield><controlfield tag="007">cr bn ---auaua</controlfield><controlfield tag="008">090606s1576    xx            00| ||per d</controlfield><datafield tag="035" ind1=" " ind2=" "><subfield code="a">(MiU)006813675</subfield></datafield><datafield tag="035" ind1=" " ind2=" "><subfield code="a">sdr-miu006813675</subfield></datafield><datafield tag="040" ind1=" " ind2=" "><subfield code="a">MiU</subfield><subfield code="c">MiU</subfield><subfield code="e">amremm</subfield></datafield><datafield tag="043" ind1=" " ind2=" "><subfield code="a">n-us-mi</subfield><subfield code="a">a-ii---</subfield></datafield><datafield tag="100" ind1="0" ind2=" "><subfield code="6">880-01</subfield><subfield code="a">Amīr Khusraw Dihlavī,</subfield><subfield code="d">approximately 1253-1325.</subfield></datafield><datafield tag="240" ind1="1" ind2="0"><subfield code="6">880-02</subfield><subfield code="a">Qirān al-saʻdayn</subfield></datafield><datafield tag="245" ind1="1" ind2="0"><subfield code="6">880-03</subfield><subfield code="a">Kitāb-i Qirān-i saʻdayn,</subfield><subfield code="f">[984, i.e. 1576].</subfield></datafield><datafield tag="246" ind1="3" ind2=" "><subfield code="a">كتاب قران سعدين</subfield></datafield><datafield tag="246" ind1="3" ind2=" "><subfield code="a">قران السعدين</subfield></datafield><datafield tag="260" ind1=" " ind2=" "><subfield code="c">[1576].</subfield></datafield><datafield tag="300" ind1=" " ind2=" "><subfield code="a">20 leaves :</subfield><subfield code="b">paper ;</subfield><subfield code="c">222 x 165 (153 x 117) mm. bound to 226 x 170 mm.</subfield></datafield><datafield tag="500" ind1=" " ind2=" "><subfield code="a">Shelfmark: Ann Arbor, University of Michigan, Special Collections Library, Isl. Ms. 312</subfield></datafield><datafield tag="500" ind1=" " ind2=" "><subfield code="a">Origin: As appears in colophon on p.59, copied by Jamāl Shāh Maḥmūd with transcription completed Ṣafar 984 [May 1576].</subfield></datafield><datafield tag="500" ind1=" " ind2=" "><subfield code="a">Former shelfmark: "462 T. De M. [i.e. Tammaro De Marinis]" inscribed in pencil on interior of upper cover.</subfield></datafield><datafield tag="500" ind1=" " ind2=" "><subfield code="a">Binding: Pasteboards covered in light brown leather ; Type III binding (without flap, but not flush with text block) ; pastedowns and flyleaves in untinted wove paper ; upper and lower covers carry tooled border (blind rules) ; sewn in dark purple thread, two stations ; overall in fair condition with some staining and minor abrasion.</subfield></datafield><datafield tag="500" ind1=" " ind2=" "><subfield code="a">Support: non-European (likely Persian or Indian) laid paper with 6-7 laid lines per cm. (vertical, fairly distinct) and any chain lines not clearly visible, transluscent, sturdy, quite well-burnished, dark cream in color ; flyleaves in wove paper (indistinct embossed mark in front flyleaf).</subfield></datafield><datafield tag="500" ind1=" " ind2=" "><subfield code="a">Decoration: Illuminated headpiece (ʻunwān / sarlawḥ) at opening on p.2 consisting of large rectangular piece with gold cartouche carrying the title ( "كتاب قران سعدين" ) and swirling vegetal design in white with floral motifs in pink, yellow, and red, flanked by floral vegetal design in gold on fields of blue, entire piece surrounded by bands of red, gold and blue and surmounted by vertical stalks (tīgh) in blue ; written area surrounded by frame consisting of a narrow gold band defined by black fillets and red and blue rules, narrow gold bands separate the four columns within as well ; headings and keywords rubricated.</subfield></datafield><datafield tag="500" ind1=" " ind2=" "><subfield code="a">Script: Nastaʻlīq ; elegant hand ; serifless, with effect of words descending to baseline, closed counters, and elongated horizontal strokes, pointing in distinct dots.</subfield></datafield><datafield tag="500" ind1=" " ind2=" "><subfield code="a">Layout: Written in 17 lines per page with written area divided into four columns ; frame-ruled.</subfield></datafield><datafield tag="500" ind1=" " ind2=" "><subfield code="a">Collation: i, III (6), V (16), II (20), i ; ternion, quinion and binion ; catchwords present ; pagination in pencil, Western numerals, supplied during digitization.</subfield></datafield><datafield tag="500" ind1=" " ind2=" "><subfield code="a">Colophon: "Scribal," triangular, in Arabic, reads "تمت الكتاب بعون الملك الوهاب بتاريخ شهر صفر سنه ۹۸۴ كاتبه جمال شاه محمود م م م"</subfield></datafield><datafield tag="500" ind1=" " ind2=" "><subfield code="a">Explicit: "بر در شه خدمت من و السلام"</subfield></datafield><datafield tag="500" ind1=" " ind2=" "><subfield code="a">Incipit: "حمد گویم که توفیق خداوند حنان ... نام این نسخۀ و الاست قران سعدین ... حمد خداوند سرایم نخست تا شود این نامه بنامش درست ..."</subfield></datafield><datafield tag="500" ind1=" " ind2=" "><subfield code="a">Title from illuminated headpiece at opening (p.2).</subfield></datafield><datafield tag="500" ind1=" " ind2=" "><subfield code="a">Ms. codex.</subfield></datafield><datafield tag="510" ind1="4" ind2=" "><subfield code="a">Cat. Pers. MSS. Brit. Mus.,</subfield><subfield code="c">p.611 f.</subfield></datafield><datafield tag="520" ind1="8" ind2=" "><subfield code="a">Elegant copy of the mas̲navī on the meeting of Sulṭān Muʻizz al-Dīn Kayqubād and his father Nāṣir al-Dīn Bughrā Khān by Amīr Khusraw Dihlavī (d.1325).</subfield></datafield><datafield tag="538" ind1=" " ind2=" "><subfield code="a">Mode of access: Internet.</subfield></datafield><datafield tag="541" ind1=" " ind2=" "><subfield code="c">Purchase ;</subfield><subfield code="a">Acquired by purchase (funds donated by Horace Rackham).</subfield><subfield code="d">1924.</subfield></datafield><datafield tag="546" ind1=" " ind2=" "><subfield code="a">Persian.</subfield></datafield><datafield tag="561" ind1=" " ind2=" "><subfield code="a">Effaced ownership statement and seal impression on p.40 along with other notes and excerpts ; relatively clean copy.</subfield></datafield><datafield tag="650" ind1=" " ind2="0"><subfield code="a">Manuscripts, Persian</subfield><subfield code="z">Michigan</subfield><subfield code="z">Ann Arbor.</subfield></datafield><datafield tag="650" ind1=" " ind2="0"><subfield code="a">Persian poetry</subfield><subfield code="y">747-1800.</subfield></datafield><datafield tag="650" ind1=" " ind2="0"><subfield code="a">Masnavis, Persian</subfield><subfield code="v">Early works to 1800.</subfield></datafield><datafield tag="651" ind1=" " ind2="0"><subfield code="a">India</subfield><subfield code="x">History</subfield><subfield code="y">1000-1526</subfield><subfield code="v">Poetry.</subfield></datafield><datafield tag="655" ind1=" " ind2="7"><subfield code="a">Headpieces (layout features)</subfield><subfield code="y">16th century.</subfield><subfield code="2">aat</subfield></datafield><datafield tag="700" ind1="0" ind2=" "><subfield code="a">Abdülhamid</subfield><subfield code="b">II,</subfield><subfield code="c">Sultan of the Turks,</subfield><subfield code="d">1842-1918,</subfield><subfield code="e">former owner.</subfield></datafield><datafield tag="700" ind1="0" ind2=" "><subfield code="6">880-05</subfield><subfield code="a">Jamāl Shāh Maḥmūd,</subfield><subfield code="d">fl. 1576,</subfield><subfield code="e">scribe.</subfield></datafield><datafield tag="773" ind1="0" ind2=" "><subfield code="a">Abdul Hamid Collection.</subfield></datafield><datafield tag="880" ind1="0" ind2=" "><subfield code="6">700-05/</subfield><subfield code="a">جمال شاه محمود,</subfield><subfield code="e">ناسخ.</subfield></datafield><datafield tag="880" ind1="1" ind2="0"><subfield code="6">245-03/</subfield><subfield code="a">کتاب قران سعدین,</subfield><subfield code="f">[984ه, 1576م].</subfield></datafield><datafield tag="880" ind1="1" ind2="0"><subfield code="6">240-02/</subfield><subfield code="a">قران السعدین.</subfield></datafield><datafield tag="880" ind1="0" ind2=" "><subfield code="6">100-01/</subfield><subfield code="a">امير خسرو دهلوى.</subfield></datafield><datafield tag="CID" ind1=" " ind2=" "><subfield code="a">006813675</subfield></datafield><datafield tag="DAT" ind1="0" ind2=" "><subfield code="a">20190719102638.0</subfield><subfield code="b">20190719000000.0</subfield></datafield><datafield tag="DAT" ind1="1" ind2=" "><subfield code="a">20190719090653.0</subfield><subfield code="b">2019-07-19T16:11:57Z</subfield></datafield><datafield tag="DAT" ind1="2" ind2=" "><subfield code="a">2015-10-02T18:00:03Z</subfield></datafield><datafield tag="CAT" ind1=" " ind2=" "><subfield code="a">SDR-MIU</subfield><subfield code="d">EX LIBRIS - ALEPH</subfield><subfield code="l">prepare.pl-004-008</subfield></datafield><datafield tag="FMT" ind1=" " ind2=" "><subfield code="a">BK</subfield></datafield><datafield tag="HOL" ind1=" " ind2=" "><subfield code="0">sdr-miu006813675</subfield><subfield code="a">MiU</subfield><subfield code="b">SDR</subfield><subfield code="c">MIU</subfield><subfield code="p">mdp.39015079128578</subfield><subfield code="s">MIU</subfield><subfield code="1">006813675</subfield></datafield><datafield tag="974" ind1=" " ind2=" "><subfield code="b">MIU</subfield><subfield code="c">MIU</subfield><subfield code="d">20190719</subfield><subfield code="s">lit-dlps-dc</subfield><subfield code="u">mdp.39015079128578</subfield><subfield code="y">1576</subfield><subfield code="r">pd</subfield><subfield code="q">bib</subfield><subfield code="t">non-US bib date1 &lt; 1879</subfield></datafield></record></collection>